<record><leader>00000cas a22000007a 4500</leader><controlfield tag="001">14472823</controlfield><controlfield tag="008">861022d187718uutxuwr ne      0    0eng d</controlfield><datafield ind1=" " ind2=" " tag="010"><subfield code="a">sn 86089767 </subfield></datafield><datafield ind1=" " ind2=" " tag="040"><subfield code="a">PPM</subfield><subfield code="b">eng</subfield><subfield code="c">PPM</subfield><subfield code="d">OCLCQ</subfield></datafield><datafield ind1=" " ind2=" " tag="042"><subfield code="a">msc</subfield></datafield><datafield ind1="0" ind2="4" tag="245"><subfield code="a">The McKinney advocate.</subfield></datafield><datafield ind1="1" ind2="3" tag="246"><subfield code="a">Advocate</subfield></datafield><datafield ind1=" " ind2=" " tag="260"><subfield code="a">McKinney, Tex. :</subfield><subfield code="b">Joseph W. Baines</subfield></datafield><datafield ind1=" " ind2=" " tag="300"><subfield code="a">v. :</subfield><subfield code="b">ill.</subfield></datafield><datafield ind1=" " ind2=" " tag="310"><subfield code="a">Weekly</subfield></datafield><datafield ind1="1" ind2=" " tag="362"><subfield code="a">Began in 1877?</subfield></datafield><datafield ind1=" " ind2=" " tag="580"><subfield code="a">Merged with: Collin County citizen, to form: Black waxy.</subfield></datafield><datafield ind1=" " ind2=" " tag="588"><subfield code="a">Description based on: Vol. 4, no. 4, whole no. 157 (Apr. 3, 1880).</subfield></datafield><datafield ind1=" " ind2=" " tag="752"><subfield code="a">United States</subfield><subfield code="b">Texas</subfield><subfield code="c">Collin</subfield><subfield code="d">McKinney.</subfield></datafield><datafield ind1="1" ind2="7" tag="785"><subfield code="t">Collin County citizen (McKinney, Tex.)</subfield></datafield><datafield ind1="1" ind2="7" tag="785"><subfield code="t">Black waxy (McKinney, Tex.)</subfield></datafield></record>